@misc{kadkhodazadeh2023riemanncode,
  author = {Kadkhodazadeh, Nikan},
  title = {RiemannHypothesis},
  year = {2023},
  publisher = {GitHub},
  howpublished = {\url{https://github.com/nikankad/RiemannHypothesis}},
  note = {Accessed: 2024-11-16}
}
